<record xmlns="http://www.loc.gov/MARC21/slim" xmlns:xsi="http://www.w3.org/2001/XMLSchema-instance" xsi:schemaLocation="http://www.loc.gov/MARC21/slim http://www.loc.gov/standards/marcxml/schema/MARC21slim.xsd"><leader>00037nz   2200037n  4500</leader><controlfield tag="001">DNB|102405468</controlfield><controlfield tag="003">DNB</controlfield><controlfield tag="005">20080405190937.0</controlfield><controlfield tag="008">930416n||aznnnabbn           | aaa    |c</controlfield><datafield ind1=" " ind2=" " tag="035"><subfield code="a">(DE-101)102405468</subfield></datafield><datafield ind1=" " ind2=" " tag="035"><subfield code="a">(DE-588a)102405468</subfield></datafield><datafield ind1=" " ind2=" " tag="040"><subfield code="a">DE-12</subfield><subfield code="b">ger</subfield><subfield code="c">DE-101</subfield><subfield code="e">rakwb</subfield><subfield code="d">9999</subfield></datafield><datafield ind1=" " ind2=" " tag="079"><subfield code="a">p</subfield><subfield code="q">f</subfield><subfield code="q">p</subfield><subfield code="t">12-PAN</subfield></datafield><datafield ind1="1" ind2=" " tag="100"><subfield code="a">Scaevola, Quintus Mucius</subfield><subfield code="c">Poeta</subfield><subfield code="d">um 54 v. Chr.</subfield></datafield><datafield ind1="1" ind2=" " tag="400"><subfield code="a">Scaevola, Quintus Mucius</subfield><subfield code="c">Epigrammaticus</subfield><subfield code="d">um 54 v. Chr.</subfield></datafield><datafield ind1="0" ind2=" " tag="400"><subfield code="a">Scaevola</subfield><subfield code="c">Tribunus Plebis</subfield><subfield code="d">um 54 v. Chr.</subfield></datafield><datafield ind1="0" ind2=" " tag="400"><subfield code="a">Mucius</subfield><subfield code="c">Scaevola</subfield><subfield code="d">um 54 v. Chr.</subfield></datafield><datafield ind1="0" ind2=" " tag="400"><subfield code="a">Mucius Scaevola</subfield><subfield code="c">Poeta</subfield><subfield code="d">um 54 v. Chr.</subfield></datafield><datafield ind1="0" ind2=" " tag="400"><subfield code="a">Mucius Scaevola</subfield><subfield code="c">Epigrammaticus</subfield><subfield code="d">um 54 v. Chr.</subfield></datafield><datafield ind1=" " ind2=" " tag="549"><subfield code="w">i</subfield><subfield code="i">Lebensdaten</subfield><subfield code="a">um 54 v. Chr.</subfield></datafield><datafield ind1=" " ind2=" " tag="678"><subfield code="a">AP 9.217; (Scaev.)</subfield></datafield><datafield ind1=" " ind2=" " tag="996"><subfield code="2">WKP|wp Publius_Mucius_Scaevola</subfield></datafield><datafield ind1=" " ind2=" " tag="996"><subfield code="2">PICA|070081697</subfield></datafield><datafield ind1=" " ind2=" " tag="996"><subfield code="2">LC|nr 90010855</subfield></datafield><datafield ind1=" " ind2=" " tag="996"><subfield code="2">LC|n  81152221</subfield></datafield><datafield ind1=" " ind2=" " tag="996"><subfield code="2">LC|no 97057799</subfield></datafield><datafield ind1=" " ind2=" " tag="996"><subfield code="2">LC|n  83008381</subfield></datafield><datafield ind1=" " ind2=" " tag="996"><subfield code="2">BNE|XX1698557</subfield></datafield><datafield ind1=" " ind2=" " tag="996"><subfield code="2">PICA|070071179</subfield></datafield><datafield ind1=" " ind2=" " tag="997"><subfield code="a">-54 0 circa</subfield><subfield code="9">1</subfield></datafield></record>